@misc{fl1889
, author = "{\emph{The Cricket and Football Field} (April~27, 1889, p.\,3)}"
, title = "The {F}ootball {L}eague: Complete Record of the Season's Results"
, note = "\url{https://www.britishnewspaperarchive.co.uk/viewer/BL/0000979/18890427/019/0003}"
}

@misc{sparklines
, author = "Andreas Loeffler and Dan Luecking"
, title = "Sparklines"
, year = "2016-12-27"
, note = "\url{https://ctan.org/pkg/sparklines}"
}

@misc{etoolbox
, author = "Philipp Lehman and Joseph Wright"
, title = "The etoolbox Package"
, year = "2020-10-05"
, note = "\url{https://ctan.org/pkg/etoolbox}"
}

@misc{tikz
, author = "Till Tantau"
, title = "pgf~-- A Portable Graphic Format for {\TeX}"
, year = "2020-12-27"
, note = "\url{https://github.com/pgf-tikz/pgf}"
}

@misc{xcolor
, author = "Uwe Kern"
, title = "Extending {\LaTeX}'s color facilities: the xcolor package"
, year = "2016-05-11"
, note = "\url{https://ctan.org/pkg/xcolor}"
}

@misc{csvsimple
, author = "Sturm, Thomas F."
, title = "The csvsimple Package"
, year = "2019-04-09"
, note = "\url{https://ctan.org/pkg/csvsimple}"
}

@book{tufte
, author = "Tufte, Edward R."
, title = "Beautiful Evidence"
, publisher = "Graphics Press"
, year = "2006"
}

@article{gestaltlines
, title = "Gestaltlines"
, volume = "32"
, number = "3"
, journal = "Computer Graphics Forum"
, author = "Brandes, Ulrik and Nick, Bobo and Rockstroh, Brigitte and Steffen, Astrid"
, year = "2013"
, pages = "171--180"
, doi = "10.1111/cgf.12104"
}

@article{gestaltmatrix
, author = "Brandes, Ulrik and Nick, Bobo"
, title = "Asymmetric Relations in Longitudinal Social Networks"
, journal = "IEEE Transactions on Visualization and Computer Graphics"
, volume = "17"
, number = "12"
, year = "2011"
, pages = "2283--2290"
, doi = "10.1109/TVCG.2011.169"
}
